%%==================================================
%% chap1.bib for BIT Master Thesis
%% modified by yang yating
%% version: 0.1
%% last update: Dec 25th, 2016

%% modified by Meng Chao
%% version: 0.2
%% last update: May 29th, 2017
%%==================================================


@book{[1.1],
  title={Multiple view geometry in computer vision},
  author={Hartley, Richard and Zisserman, Andrew},
  year={2003},
  publisher={Cambridge university press}
}

@book{[1.2],
  title={视觉SLAM十四讲： 从理论到实践},
  author={高翔 and 张涛本 and 颜沁睿本 and 刘毅},
  year={2017},
  publisher={电子工业出版社}
}


@inproceedings{[1.3],
  title={Autonomous indoor aerial gripping using a quadrotor},
  author={Ghadiok, Vaibhav and Goldin, Jeremy and Ren, Wei},
  booktitle={Intelligent Robots and Systems (IROS), 2011 IEEE/RSJ International Conference on},
  pages={4645--4651},
  year={2011},
  organization={IEEE}
}

@inproceedings{[1.4],
  title={Autonomous multi-floor indoor navigation with a computationally constrained MAV},
  author={Shen, Shaojie and Michael, Nathan and Kumar, Vijay},
  booktitle={Robotics and automation (ICRA), 2011 IEEE international conference on},
  pages={20--25},
  year={2011},
  organization={IEEE}
}

@article{[1.5],
  title={A fully autonomous indoor quadrotor},
  author={Grzonka, Slawomir and Grisetti, Giorgio and Burgard, Wolfram},
  journal={IEEE Transactions on Robotics},
  volume={28},
  number={1},
  pages={90--100},
  year={2012},
  publisher={IEEE}
}


@inproceedings{[1.6],
  title={High resolution maps from wide angle sonar},
  author={Moravec, Hans and Elfes, Alberto},
  booktitle={Robotics and Automation. Proceedings. 1985 IEEE International Conference on},
  volume={2},
  pages={116--121},
  year={1985},
  organization={IEEE}
}

@article{[1.7],
  title={On the representation and estimation of spatial uncertainty},
  author={Smith, Randall C and Cheeseman, Peter},
  journal={The international journal of Robotics Research},
  volume={5},
  number={4},
  pages={56--68},
  year={1986},
  publisher={Sage Publications Sage CA: Thousand Oaks, CA}
}

@incollection{[1.8],
  title={Estimating uncertain spatial relationships in robotics},
  author={Smith, Randall and Self, Matthew and Cheeseman, Peter},
  booktitle={Autonomous robot vehicles},
  pages={167--193},
  year={1990},
  publisher={Springer}
}

















\iffalse
@article{Jiang2005Size,
  title={形状记忆聚合物研究现状与发展},
  author={姜敏 and 彭少贤 and 郦华兴},
  journal={现代塑料加工应用},
  volume={17},
  number={2},
  pages={53-56},
  year={2005},
}

@article{Takahashi1996Structure,
  title={Structure and properties of shape‐memory polyurethane block copolymers},
  author={Takahashi, Toshisada and Hayashi, Noriya and Hayashi, Shunichi},
  journal={Journal of Applied Polymer Science},
  volume={60},
  number={7},
  pages={1061-1069},
  year={1996},
}

@inproceedings{Xia2002Analysis,
  title={Analysis of Affective Characteristics and Evaluation of Harmonious Feeling of Image Based on 1/f Fluctuation Theory},
  author={Xia, Mao and Chen, Bin and Gang, Zhu and Itsya, Muta},
  booktitle={Developments in Applied Artificial Intelligence,  International Conference on Industrial and Engineering, Applications of Artificial Intelligence and Expert Systems, Iea/aie 2002, Cairns, Australia, June 17-20, 2002, Proceedings},
  pages={780-789},
  year={2002},
}

@misc{Jiang1989,
  title={一种温热外敷药的制备方法},
  author={姜锡洲},
  year={1989},
}

@article{Mao2000Motion,
  title={情感工学破解"舒服"之谜},
  author={毛峡},
  journal={科技文萃},
  number={7},
  pages={157-158},
  year={2000},
}

@article{Feng1998,
  title={核反应堆管道和压力容器的LBB分析},
  author={冯西桥 and 何树延},
  journal={力学进展},
  volume={28},
  number={2},
  pages={198-217},
  year={1998},
}
\fi


