%%==================================================
%% chap1.bib for BIT Master Thesis
%% modified by yang yating
%% version: 0.1
%% last update: Dec 25th, 2016

%% modified by Meng Chao
%% version: 0.2
%% last update: May 29th, 2017
%%==================================================


%%==================================================
%第一章
@book{[1.1],
  title={Multiple view geometry in computer vision},
  author={Hartley, Richard and Zisserman, Andrew},
  year={2003},
  publisher={Cambridge university press}
}

@article{[1.2],
  title={MonoSLAM: Real-time single camera SLAM},
  author={Davison, Andrew J and Reid, Ian D and Molton, Nicholas D and Stasse, Olivier},
  journal={IEEE transactions on pattern analysis and machine intelligence},
  volume={29},
  number={6},
  pages={1052--1067},
  year={2007},
  publisher={IEEE}
}


@book{[1.3],
  title={视觉SLAM十四讲： 从理论到实践},
  author={高翔 and 张涛本 and 颜沁睿本 and 刘毅},
  year={2017},
  publisher={电子工业出版社}
}


@inproceedings{[1.4],
  title={Autonomous indoor aerial gripping using a quadrotor},
  author={Ghadiok, Vaibhav and Goldin, Jeremy and Ren, Wei},
  booktitle={Intelligent Robots and Systems (IROS), 2011 IEEE/RSJ International Conference on},
  pages={4645--4651},
  year={2011},
  organization={IEEE}
}

@inproceedings{[1.5],
  title={Autonomous multi-floor indoor navigation with a computationally constrained MAV},
  author={Shen, Shaojie and Michael, Nathan and Kumar, Vijay},
  booktitle={Robotics and automation (ICRA), 2011 IEEE international conference on},
  pages={20--25},
  year={2011},
  organization={IEEE}
}

@article{[1.6],
  title={A fully autonomous indoor quadrotor},
  author={Grzonka, Slawomir and Grisetti, Giorgio and Burgard, Wolfram},
  journal={IEEE Transactions on Robotics},
  volume={28},
  number={1},
  pages={90--100},
  year={2012},
  publisher={IEEE}
}


@inproceedings{[1.7],
  title={High resolution maps from wide angle sonar},
  author={Moravec, Hans and Elfes, Alberto},
  booktitle={Robotics and Automation. Proceedings. 1985 IEEE International Conference on},
  volume={2},
  pages={116--121},
  year={1985},
  organization={IEEE}
}

@article{[1.8],
  title={On the representation and estimation of spatial uncertainty},
  author={Smith, Randall C and Cheeseman, Peter},
  journal={The international journal of Robotics Research},
  volume={5},
  number={4},
  pages={56--68},
  year={1986},
  publisher={Sage Publications Sage CA: Thousand Oaks, CA}
}



@article{[1.9],
  title={Probabilistic robotics},
  author={Thrun, Sebastian},
  journal={Communications of the ACM},
  volume={45},
  number={3},
  pages={52--57},
  year={2002},
  publisher={ACM}
}

@article{[1.10],
  title={1-Point RANSAC for extended Kalman filtering: Application to real-time structure from motion and visual odometry},
  author={Civera, Javier and Grasa, Oscar G and Davison, Andrew J and Montiel, JMM},
  journal={Journal of Field Robotics},
  volume={27},
  number={5},
  pages={609--631},
  year={2010},
  publisher={Wiley Online Library}
}

@article{[1.11],
  title={Optimization of the simultaneous localization and map-building algorithm for real-time implementation},
  author={Guivant, Jose E and Nebot, Eduardo Mario},
  journal={IEEE transactions on robotics and automation},
  volume={17},
  number={3},
  pages={242--257},
  year={2001},
  publisher={IEEE}
}



@article{[1.12],
  title={Globally consistent range scan alignment for environment mapping},
  author={Lu, Feng and Milios, Evangelos},
  journal={Autonomous robots},
  volume={4},
  number={4},
  pages={333--349},
  year={1997},
  publisher={Springer}
}

@article{[1.13],
  title={A probabilistic approach to concurrent mapping and localization for mobile robots},
  author={Thrun, Sebastian and Burgard, Wolfram and Fox, Dieter},
  journal={Autonomous Robots},
  volume={5},
  number={3-4},
  pages={253--271},
  year={1998},
  publisher={Springer}
}

@article{[1.14],
  title={Divide and Conquer: EKF SLAM in $ O (n) $},
  author={Paz, Lina M and Tard{\'o}s, Juan D and Neira, Jos{\'e}},
  journal={IEEE Transactions on Robotics},
  volume={24},
  number={5},
  pages={1107--1120},
  year={2008},
  publisher={IEEE}
}


@article{[1.15],
  title={Simultaneous localization and mapping with sparse extended information filters},
  author={Thrun, Sebastian and Liu, Yufeng and Koller, Daphne and Ng, Andrew Y and Ghahramani, Zoubin and Durrant-Whyte, Hugh},
  journal={The International Journal of Robotics Research},
  volume={23},
  number={7-8},
  pages={693--716},
  year={2004},
  publisher={SAGE Publications}
}


@inproceedings{[1.16],
  title={Rao-Blackwellised particle filtering for dynamic Bayesian networks},
  author={Doucet, Arnaud and De Freitas, Nando and Murphy, Kevin and Russell, Stuart},
  booktitle={Proceedings of the Sixteenth conference on Uncertainty in artificial intelligence},
  pages={176--183},
  year={2000},
  organization={Morgan Kaufmann Publishers Inc.}
}

@article{[1.17],
  title={Mobile robot localization and mapping with uncertainty using scale-invariant visual landmarks},
  author={Se, Stephen and Lowe, David and Little, Jim},
  journal={The international Journal of robotics Research},
  volume={21},
  number={8},
  pages={735--758},
  year={2002},
  publisher={SAGE Publications Sage UK: London, England}
}

@inproceedings{[1.18],
  title={Good features to track},
  author={Shi, Jianbo and others},
  booktitle={Computer Vision and Pattern Recognition, 1994. Proceedings CVPR'94., 1994 IEEE Computer Society Conference on},
  pages={593--600},
  year={1994},
  organization={IEEE}
}

@inproceedings{[1.19],
  title={Parallel tracking and mapping for small AR workspaces},
  author={Klein, Georg and Murray, David},
  booktitle={Mixed and Augmented Reality, 2007. ISMAR 2007. 6th IEEE and ACM International Symposium on},
  pages={225--234},
  year={2007},
  organization={IEEE}
}


@article{[1.20],
  title={ORB-SLAM: a versatile and accurate monocular SLAM system},
  author={Mur-Artal, Raul and Montiel, Jose Maria Martinez and Tardos, Juan D},
  journal={IEEE Transactions on Robotics},
  volume={31},
  number={5},
  pages={1147--1163},
  year={2015},
  publisher={IEEE}
}


@inproceedings{[1.21],
  title={LSD-SLAM: Large-scale direct monocular SLAM},
  author={Engel, Jakob and Sch{\"o}ps, Thomas and Cremers, Daniel},
  booktitle={European Conference on Computer Vision},
  pages={834--849},
  year={2014},
  organization={Springer}
}

@inproceedings{[1.22],
  title={SVO: Fast semi-direct monocular visual odometry},
  author={Forster, Christian and Pizzoli, Matia and Scaramuzza, Davide},
  booktitle={Robotics and Automation (ICRA), 2014 IEEE International Conference on},
  pages={15--22},
  year={2014},
  organization={IEEE}
}

@inproceedings{[1.23],
  title={DTAM: Dense tracking and mapping in real-time},
  author={Newcombe, Richard A and Lovegrove, Steven J and Davison, Andrew J},
  booktitle={Computer Vision (ICCV), 2011 IEEE International Conference on},
  pages={2320--2327},
  year={2011},
  organization={IEEE}
}

@inproceedings{[1.24],
  title={Dense visual SLAM for RGB-D cameras},
  author={Kerl, Christian and Sturm, Jurgen and Cremers, Daniel},
  booktitle={Intelligent Robots and Systems (IROS), 2013 IEEE/RSJ International Conference on},
  pages={2100--2106},
  year={2013},
  organization={IEEE}
}

@article{[1.25],
  title={Direct sparse odometry},
  author={Engel, Jakob and Koltun, Vladlen and Cremers, Daniel},
  journal={IEEE Transactions on Pattern Analysis and Machine Intelligence},
  year={2017},
  publisher={IEEE}
}


@article{[1.26],
  title={Appearance-based loop closure detection for online large-scale and long-term operation},
  author={Labbe, Mathieu and Michaud, Francois},
  journal={IEEE Transactions on Robotics},
  volume={29},
  number={3},
  pages={734--745},
  year={2013},
  publisher={IEEE}
}


@article{[1.27],
  title={3-D mapping with an RGB-D camera},
  author={Endres, Felix and Hess, Jurgen and Sturm, Jurgen and Cremers, Daniel and Burgard, Wolfram},
  journal={IEEE Transactions on Robotics},
  volume={30},
  number={1},
  pages={177--187},
  year={2014},
  publisher={IEEE}
}

@article{[1.28],
  title={Keyframe-based visual--inertial odometry using nonlinear optimization},
  author={Leutenegger, Stefan and Lynen, Simon and Bosse, Michael and Siegwart, Roland and Furgale, Paul},
  journal={The International Journal of Robotics Research},
  volume={34},
  number={3},
  pages={314--334},
  year={2015},
  publisher={SAGE Publications Sage UK: London, England}
}

@inproceedings{[1.29],
  title={Robust visual inertial odometry using a direct EKF-based approach},
  author={Bloesch, Michael and Omari, Sammy and Hutter, Marco and Siegwart, Roland},
  booktitle={Intelligent Robots and Systems (IROS), 2015 IEEE/RSJ International Conference on},
  pages={298--304},
  year={2015},
  organization={IEEE}
}

@inproceedings{[1.30],
  title={KinectFusion: Real-time dense surface mapping and tracking},
  author={Newcombe, Richard A and Izadi, Shahram and Hilliges, Otmar and Molyneaux, David and Kim, David and Davison, Andrew J and Kohi, Pushmeet and Shotton, Jamie and Hodges, Steve and Fitzgibbon, Andrew},
  booktitle={Mixed and augmented reality (ISMAR), 2011 10th IEEE international symposium on},
  pages={127--136},
  year={2011},
  organization={IEEE}
}

@inproceedings{[1.31],
  title={ElasticFusion: Dense SLAM without a pose graph},
  author={Whelan, Thomas and Leutenegger, Stefan and Salas-Moreno, R and Glocker, Ben and Davison, Andrew},
  year={2015},
  organization={Robotics: Science and Systems}
}

@inproceedings{[1.32],
  title={Real-time loop closure in 2D LIDAR SLAM},
  author={Hess, Wolfgang and Kohler, Damon and Rapp, Holger and Andor, Daniel},
  booktitle={Robotics and Automation (ICRA), 2016 IEEE International Conference on},
  pages={1271--1278},
  year={2016},
  organization={IEEE}
}

@inproceedings{[1.33],
  title={LOAM: Lidar Odometry and Mapping in Real-time.},
  author={Zhang, Ji and Singh, Sanjiv},
  booktitle={Robotics: Science and Systems},
  volume={2},
  year={2014}
}

@article{[1.34],
  title={Building rome in a day},
  author={Agarwal, Sameer and Furukawa, Yasutaka and Snavely, Noah and Simon, Ian and Curless, Brian and Seitz, Steven M and Szeliski, Richard},
  journal={Communications of the ACM},
  volume={54},
  number={10},
  pages={105--112},
  year={2011},
  publisher={ACM}
}

@inproceedings{[1.35],
  title={Bundle adjustment—a modern synthesis},
  author={Triggs, Bill and McLauchlan, Philip F and Hartley, Richard I and Fitzgibbon, Andrew W},
  booktitle={International workshop on vision algorithms},
  pages={298--372},
  year={1999},
  organization={Springer}
}

@book{[1.36],
  title={Probabilistic graphical models: principles and techniques},
  author={Koller, Daphne and Friedman, Nir},
  year={2009},
  publisher={MIT press}
}

@inproceedings{[1.37],
  title={g 2 o: A general framework for graph optimization},
  author={K{\"u}mmerle, Rainer and Grisetti, Giorgio and Strasdat, Hauke and Konolige, Kurt and Burgard, Wolfram},
  booktitle={Robotics and Automation (ICRA), 2011 IEEE International Conference on},
  pages={3607--3613},
  year={2011},
  organization={IEEE}
}


@article{[1.38],
  title={iSAM: Incremental smoothing and mapping},
  author={Kaess, Michael and Ranganathan, Ananth and Dellaert, Frank},
  journal={IEEE Transactions on Robotics},
  volume={24},
  number={6},
  pages={1365--1378},
  year={2008},
  publisher={IEEE}
}


@article{[1.39],
  title={Visual odometry [tutorial]},
  author={Scaramuzza, Davide and Fraundorfer, Friedrich},
  journal={IEEE robotics \& automation magazine},
  volume={18},
  number={4},
  pages={80--92},
  year={2011},
  publisher={IEEE}
}

@article{[1.40],
  title={Appearance-based loop closure detection for online large-scale and long-term operation},
  author={Labbe, Mathieu and Michaud, Francois},
  journal={IEEE Transactions on Robotics},
  volume={29},
  number={3},
  pages={734--745},
  year={2013},
  publisher={IEEE}
}

@article{[1.41],
  title={Building 3D visual maps of interior space with a new hierarchical sensor fusion architecture},
  author={Kwon, Hyukseong and Yousef, Khalil M Ahmad and Kak, Avinash C},
  journal={Robotics and Autonomous Systems},
  volume={61},
  number={8},
  pages={749--767},
  year={2013},
  publisher={Elsevier}
}

@article{[1.42],
  title={基于图优化的同时定位与地图创建综述},
  author={梁明杰 and 闵华清 and 罗荣华},
  journal={机器人},
  volume={35},
  number={4},
  pages={500--512},
  year={2013}
}

@article{[1.43],
  title={基于单目视觉的同时定位与地图构建方法综述},
  author={刘浩敏 and 章国锋 and 鲍虎军},
  journal={计算机辅助设计与图形学学报},
  volume={28},
  number={6},
  pages={855--868},
  year={2016}
}


@article{[1.44],
  title={视觉 SLAM 综述},
  author={权美香 and 朴松昊 and 李国},
  year={2016},
  publisher={智能系统学报}
}

@inproceedings{[1.45],
  title={Robust keyframe-based monocular SLAM for augmented reality},
  author={Liu, Haomin and Zhang, Guofeng and Bao, Hujun},
  booktitle={Mixed and Augmented Reality (ISMAR), 2016 IEEE International Symposium on},
  pages={1--10},
  year={2016},
  organization={IEEE}
}


@inproceedings{[1.46],
  title={Robust monocular SLAM in dynamic environments},
  author={Tan, Wei and Liu, Haomin and Dong, Zilong and Zhang, Guofeng and Bao, Hujun},
  booktitle={Mixed and Augmented Reality (ISMAR), 2013 IEEE International Symposium on},
  pages={209--218},
  year={2013},
  organization={IEEE}
}

@article{[1.47],
  title={Coslam: Collaborative visual slam in dynamic environments},
  author={Zou, Danping and Tan, Ping},
  journal={IEEE transactions on pattern analysis and machine intelligence},
  volume={35},
  number={2},
  pages={354--366},
  year={2013},
  publisher={IEEE}
}

@article{[1.48],
  title={Structslam: Visual slam with building structure lines},
  author={Zhou, Huizhong and Zou, Danping and Pei, Ling and Ying, Rendong and Liu, Peilin and Yu, Wenxian},
  journal={IEEE Transactions on Vehicular Technology},
  volume={64},
  number={4},
  pages={1364--1375},
  year={2015},
  publisher={IEEE}
}

@article{[1.49],
  title={Monocular visual--inertial state estimation with online initialization and camera--IMU extrinsic calibration},
  author={Yang, Zhenfei and Shen, Shaojie},
  journal={IEEE Transactions on Automation Science and Engineering},
  volume={14},
  number={1},
  pages={39--51},
  year={2017},
  publisher={IEEE}
}



%%==================================================
%第二章

@article{[2.1],
  title={DYNAMIC MODELLING AND CONFIGURATION STABILIZATION FOR AN X4-FLYER.},
  author={Hamel, Tarek and Mahony, Robert and Lozano, Rogelio and Ostrowski, James},
  journal={IFAC Proceedings Volumes},
  volume={35},
  number={1},
  pages={217--222},
  year={2002},
  publisher={Elsevier}
}

@book{[2.2],
  title={飞行控制系统},
  author={吴森堂 and 费玉华 and others},
  year={2005},
  publisher={北京航空航天大学出版社}
}


@book{[2.3],
  title={INTRODUCTION TO MULTICOPTER DESIGN AND CONTROL.},
  author={Quan, Quan},
  year={2017},
  publisher={Springer}
}

@inproceedings{[2.4],
  title={Design, modeling, estimation and control for aerial grasping and manipulation},
  author={Mellinger, Daniel and Lindsey, Quentin and Shomin, Michael and Kumar, Vijay},
  booktitle={Intelligent Robots and Systems (IROS), 2011 IEEE/RSJ International Conference on},
  pages={2668--2673},
  year={2011},
  organization={IEEE}
}

@book{[2.5],
  title={机器人学、机器视觉与控制:MATLAB算法基础},
  author={PeterCorke and 科克 and 刘荣},
  publisher={电子工业出版社},
  year={2016},
}

@book{[2.6],
  title={Simulink仿真及代码生成技术入门到精通},
  author={孙忠潇},
  publisher={北京航空航天大学出版社},
  year={2015},
}


%%==================================================
%第三章

@article{[3.1],
  title={Simultaneous localization and mapping: Present, future, and the robust-perception age},
  author={Cadena, Cesar and Carlone, Luca and Carrillo, Henry and Latif, Yasir and Scaramuzza, Davide and Neira, Jose and Reid, Ian D and Leonard, John J},
  journal={CoRR, vol. abs/1606.05830},
  year={2016}
}

@article{[3.2],
  title={Globally consistent range scan alignment for environment mapping},
  author={Lu, Feng and Milios, Evangelos},
  journal={Autonomous robots},
  volume={4},
  number={4},
  pages={333--349},
  year={1997},
  publisher={Springer}
}

@article{[3.3],
  title={Factor graphs and the sum-product algorithm},
  author={Kschischang, Frank R and Frey, Brendan J and Loeliger, H-A},
  journal={IEEE Transactions on information theory},
  volume={47},
  number={2},
  pages={498--519},
  year={2001},
  publisher={IEEE}
}


@misc{[3.4],
  title={Robust statistics, Series in probability and mathematical statistics},
  author={Huber, Peter J and Ronchetti, EM},
  year={1981},
  publisher={John Wiley, New York}
}


@book{[3.5],
  title={Optimization algorithms on matrix manifolds},
  author={Absil, P-A and Mahony, Robert and Sepulchre, Rodolphe},
  year={2009},
  publisher={Princeton University Press}
}

@inproceedings{[3.6],
  title={Incremental Block Cholesky Factorization for Nonlinear Least Squares in Robotics.},
  author={Polok, Lukas and Ila, Viorela and Solony, Marek and Smrz, Pavel and Zemcik, Pavel},
  booktitle={Robotics: Science and Systems},
  year={2013}
}


@inproceedings{[3.7],
  title={Online global loop closure detection for large-scale multi-session graph-based slam},
  author={Labbe, Mathieu and Michaud, Fran{\c{c}}ois},
  booktitle={Intelligent Robots and Systems (IROS 2014), 2014 IEEE/RSJ International Conference on},
  pages={2661--2666},
  year={2014},
  organization={IEEE}
}


@inproceedings{[3.8],
  title={ORB: An efficient alternative to SIFT or SURF},
  author={Rublee, Ethan and Rabaud, Vincent and Konolige, Kurt and Bradski, Gary},
  booktitle={Computer Vision (ICCV), 2011 IEEE international conference on},
  pages={2564--2571},
  year={2011},
  organization={IEEE}
}


@article{[3.9],
  title={Bags of binary words for fast place recognition in image sequences},
  author={G{\'a}lvez-L{\'o}pez, Dorian and Tardos, Juan D},
  journal={IEEE Transactions on Robotics},
  volume={28},
  number={5},
  pages={1188--1197},
  year={2012},
  publisher={IEEE}
}

@article{[3.10],
  title={Machine learning for high-speed corner detection},
  author={Rosten, Edward and Drummond, Tom},
  journal={Computer Vision--ECCV 2006},
  pages={430--443},
  year={2006},
  publisher={Springer}
}

@article{[3.11],
  title={Brief: Binary robust independent elementary features},
  author={Calonder, Michael and Lepetit, Vincent and Strecha, Christoph and Fua, Pascal},
  journal={Computer Vision--ECCV 2010},
  pages={778--792},
  year={2010},
  publisher={Springer}
}

@inproceedings{[3.12],
  title={A benchmark for the evaluation of RGB-D SLAM systems},
  author={Sturm, J{\"u}rgen and Engelhard, Nikolas and Endres, Felix and Burgard, Wolfram and Cremers, Daniel},
  booktitle={Intelligent Robots and Systems (IROS), 2012 IEEE/RSJ International Conference on},
  pages={573--580},
  year={2012},
  organization={IEEE}
}


%%==================================================
%第四章

@inproceedings{[4.1],
  title={Semi-dense visual odometry for a monocular camera},
  author={Engel, Jakob and Sturm, Jurgen and Cremers, Daniel},
  booktitle={Proceedings of the IEEE international conference on computer vision},
  pages={1449--1456},
  year={2013}
}

@inproceedings{[4.2],
  title={REMODE: Probabilistic, monocular dense reconstruction in real time},
  author={Pizzoli, Matia and Forster, Christian and Scaramuzza, Davide},
  booktitle={Robotics and Automation (ICRA), 2014 IEEE International Conference on},
  pages={2609--2616},
  year={2014},
  organization={IEEE}
}

@inproceedings{[4.3],
  title={Live dense reconstruction with a single moving camera},
  author={Newcombe, Richard A and Davison, Andrew J},
  booktitle={Computer Vision and Pattern Recognition (CVPR), 2010 IEEE Conference on},
  pages={1498--1505},
  year={2010},
  organization={IEEE}
}




%%==================================================
%第五章

@article{[5.1],
  title={On-Manifold Preintegration for Real-Time Visual--Inertial Odometry},
  author={Forster, Christian and Carlone, Luca and Dellaert, Frank and Scaramuzza, Davide},
  journal={IEEE Transactions on Robotics},
  volume={33},
  number={1},
  pages={1--21},
  year={2017},
  publisher={IEEE}
}


@article{[5.2],
  title={Visual-inertial-aided navigation for high-dynamic motion in built environments without initial conditions},
  author={Lupton, Todd and Sukkarieh, Salah},
  journal={IEEE Transactions on Robotics},
  volume={28},
  number={1},
  pages={61--76},
  year={2012},
  publisher={IEEE}
}

@article{[5.3],
  title={Visual-inertial monocular SLAM with map reuse},
  author={Mur-Artal, Ra{\'u}l and Tard{\'o}s, Juan D},
  journal={IEEE Robotics and Automation Letters},
  volume={2},
  number={2},
  pages={796--803},
  year={2017},
  publisher={IEEE}
}














